@BOOK{DUMMY:1,
AUTHOR="John Doe",
TITLE="The Book without Title",
PUBLISHER="Dummy Publisher",
YEAR="2100",
}
@ARTICLE{ARTICLE:1,
    AUTHOR="Satoshi Nakamoto",
    TITLE="Bitcoin: A Peer-to-Peer Electronic Cash System",
   YEAR="2008",
}
@ARTICLE{ARTICLE:2,
    AUTHOR="Andrew Urquhart",
    TITLE="The inefficiency of Bitcoin",
	 JOURNAL="Economics letters 148 2016 (80-82)",
	 YEAR="2008",
}
@ARTICLE{ARTICLE:3,
    AUTHOR="G.P. Dwyer",
    TITLE="The economics of bitcoin and similar private digital currencies.",
	 JOURNAL="J.Financ.Stab.   17,81-89",
	 YEAR="2014",
}
@ARTICLE{ARTICLE:4,
    AUTHOR="A. Cheung and E. Roca and J. Su",
    TITLE="Cypto-currency bubbles: An application of the Phillips-Shi-Yu (2013) methodology on Mt.Gox bitcoin prices. Appl. Econom.",
	 JOURNAL="Appl. Econom. 47,2348-2358",
	 YEAR="2013",
}
@ARTICLE{ARTICLE:5,
    AUTHOR="M. Briere and K. Osterlicnk",
    TITLE="Virtual currency, tangible return: Portfolio diversification with bitcoin",
	 JOURNAL="J. Asset MAnag. 47,2348-2358",
	 YEAR="2015",
}
@ARTICLE{ARTICLE:6,
    AUTHOR="Eugene F. Fama",
    TITLE="Efficient capital markets: A review of theory and emprirical work.",
	 JOURNAL="J. Finance. 25,383-417",
	 YEAR="1970",
}
@ARTICLE{ARTICLE:7,
    AUTHOR="Boris Kovalerchuk Evgenii Vityaev",
    TITLE="Data Mining and Knowledge Discovery Handbook",
	 JOURNAL="Data Mining and Knowledge Discovery Handbook",
	 YEAR="2005",
}
@ARTICLE{ARTICLE:8,
    AUTHOR="S. Pang and L. Song",
    TITLE="Correlation-aided support vector regression for forex time series.",
	 JOURNAL="Neuronal Computing and Applications, 20,1193-1203",
	 YEAR="2011",
}
@ARTICLE{ARTICLE:10,
    AUTHOR="B.J. Sopranzetti and V. Datar",
    TITLE="Price clustering in foreign exchange spot markets.",
	 JOURNAL="J. Financ Mark, 5(4),411-417",
	 YEAR="2002",
}
@ARTICLE{ARTICLE:11,
    AUTHOR="H-J.Ahn and Y.L Cheung",
    TITLE="Price clustering on the limit-order book: Evidence form the stock exchange of Hong Kong.",
	 JOURNAL="Finan. Rev 8(4),421-451",
	 YEAR="2005",
}
@ARTICLE{ARTICLE:12,
    AUTHOR="Yaohao Peng and Pedro Henrique Melo Albuquerque",
    TITLE="The best of two worlds: Forecasting high frequency volatility for cryptocurrencies and traditional currencies with Support Vector Regression.",
	 JOURNAL="Expert Systems With Applications 97 (2018) 177–192",
	 YEAR="2018",
}
@ARTICLE{ARTICLE:13,
    AUTHOR="Andrew Urquhart",
    TITLE="Price clustering in Bitcoin.",
	 JOURNAL="Economics Letters 159 (2017) 145–148
   Contents",
	 YEAR="2017",
}
@ARTICLE{ARTICLE:14,
    AUTHOR="Andrew Urquhart",
    TITLE="Price clustering in Bitcoin.",
	 JOURNAL="Economics Letters 159 (2017) 145–148
   Contents",
	 YEAR="2017",
}
@ARTICLE{ARTICLE:15,
    AUTHOR="Lukas Menkhoff",
    TITLE="The use of technical analysis by fund managers: International evidence.",
	 JOURNAL="Journal of Banking and Finance 34 (2010) 2573 2586",
	 YEAR="2010",
}
@ARTICLE{ARTICLE:16,
    AUTHOR="I. Georgoula and D. Pournarakis and  D. N. Sotiropoulos and G. M. Giaglis",
    TITLE="Using Time-Series and Sentiment Analysis to Detect the Determinants of Bitcoin Prices.",
	 YEAR="2015",
}
@ARTICLE{ARTICLE:17,
    AUTHOR="N. I. Indera and I. M. Yassin, A. Zabidi and Z. I. Rizman",
    TITLE="Non-Linear Autoregressive with Exogenous Input (NARX) Bitcoin Price Prediction Model Using PSO-Optimized Parameters and Moving Average Technical Indicators.",
	JOURNAL="J Fundam Appl Sci. 2017, 9(3S), 791-808 792",
	 YEAR="2017",
}
@ARTICLE{ARTICLE:18,
    AUTHOR="S. McNally",
    TITLE="Predicting the price of Bitcoin using Machine Learning..",
	JOURNAL="Master thesis, Dublin: National College of Ireland, 2016",
	 YEAR="2017",
}
@article{scikit-learn,
 title={Scikit-learn: Machine Learning in {P}ython},
 author={Pedregosa, F. and Varoquaux, G. and Gramfort, A. and Michel, V.
         and Thirion, B. and Grisel, O. and Blondel, M. and Prettenhofer, P.
         and Weiss, R. and Dubourg, V. and Vanderplas, J. and Passos, A. and
         Cournapeau, D. and Brucher, M. and Perrot, M. and Duchesnay, E.},
 journal={Journal of Machine Learning Research},
 volume={12},
 pages={2825--2830},
 year={2011}
}
@misc{tensorflow2015-whitepaper,
title={ {TensorFlow}: Large-Scale Machine Learning on Heterogeneous Systems},
url={https://www.tensorflow.org/},
note={Software available from tensorflow.org},
author={
    Mart\'{\i}n~Abadi and
    Ashish~Agarwal and
    Paul~Barham and
    Eugene~Brevdo and
    Zhifeng~Chen and
    Craig~Citro and
    Greg~S.~Corrado and
    Andy~Davis and
    Jeffrey~Dean and
    Matthieu~Devin and
    Sanjay~Ghemawat and
    Ian~Goodfellow and
    Andrew~Harp and
    Geoffrey~Irving and
    Michael~Isard and
    Yangqing Jia and
    Rafal~Jozefowicz and
    Lukasz~Kaiser and
    Manjunath~Kudlur and
    Josh~Levenberg and
    Dandelion~Man\'{e} and
    Rajat~Monga and
    Sherry~Moore and
    Derek~Murray and
    Chris~Olah and
    Mike~Schuster and
    Jonathon~Shlens and
    Benoit~Steiner and
    Ilya~Sutskever and
    Kunal~Talwar and
    Paul~Tucker and
    Vincent~Vanhoucke and
    Vijay~Vasudevan and
    Fernanda~Vi\'{e}gas and
    Oriol~Vinyals and
    Pete~Warden and
    Martin~Wattenberg and
    Martin~Wicke and
    Yuan~Yu and
    Xiaoqiang~Zheng},
  year={2015},
}
